@inproceedings{debevec2006,
	address = {Orlando, {FL}},
	title = {Concave Surround Optics for Rapid Multi-View Imaging},
	booktitle = {Proceedings of the 25th Army Science Conference},
	author = {Debevec, Paul and Bolas, Mark and McDowall, Ian},
	month = nov,
	year = {2006},
	keywords = {Graphics, {MxR}}
}

@book{fournier2004,
 author = {J.-M. Fournier},
 title = {Holography. The first 50 years},
 publisher = {Springer-Verlag (Berlin)},
 year = {2004},
 month = {February},
 address = {New York},
 isbn = {3540670750},
 volume= {78},
 }

@inproceedings{Lucente1995,
 author = {Lucente, Mark E. and Galyean, Tinsley A.},
 title = {Rendering Interactive Holographic Images},
 booktitle = {Proceedings of the 22Nd Annual Conference on Computer Graphics and Interactive Techniques},
 series = {SIGGRAPH '95},
 year = {1995},
 isbn = {0-89791-701-4},
 pages = {387--394},
 numpages = {8},
 url = {http://doi.acm.org/10.1145/218380.218490},
 doi = {10.1145/218380.218490},
 acmid = {218490},
 publisher = {ACM},
 address = {New York, NY, USA},
}

@misc{smithwick2014,
  title={Advanced Pepper's ghost projection system with a multiview and multiplanar display},
  author={Smithwick, Q. and Smoot, L.S. and Reetz, D.},
  url={http://www.google.mg/patents/US8692738},
  year={2014},
  month={Apr},
  publisher={Google Patents},
  note={US Patent 8,692,738}
}

@article{Hounsell2013,
	Author = {Schlindwein, Luiz Fernando Mattos  and Hounsell, Marcelo da Silva  and Kemczinski, Avanilde },
	Date-Added = {2013-10-07 13:20:01 +0000},
	Date-Modified = {2013-10-07 17:59:01 +0000},
	Journal = {Revista Brasileira de Computa{\c c}{\~a}o Aplicada},
	Number = {1},
	Pages = {113-125},
	Read = {1},
	Title = {A comparative study on two aspects that influence the sense of presence in virtual environments},
	Volume = {5},
	Year = {2013}
}

@techreport{Fernando2004,
  title={State-of-the-art in VR},
  author={Fernando, Terrence and Murray, Norman and Gautier, Gilles and Mihindu, S and Loupos, K and Gravez, P and Hoffmann, H and Blondelle, J and Di Marca, S and Fontana, M and others},
  institution={Intuition},
  Year = {2004},
}

@inproceedings{Ware1993,
 author = {Ware, Colin and Arthur, Kevin and Booth, Kellogg S.},
 title = {Fish Tank Virtual Reality},
 booktitle = {Proceedings of the INTERACT '93 and CHI '93 Conference on Human Factors in Computing Systems},
 series = {CHI '93},
 year = {1993},
 isbn = {0-89791-575-5},
 location = {Amsterdam, The Netherlands},
 pages = {37--42},
 numpages = {6},
 url = {http://doi.acm.org/10.1145/169059.169066},
 doi = {10.1145/169059.169066},
 acmid = {169066},
 publisher = {ACM},
 address = {New York, NY, USA},
 keywords = {head coupled displays, scientific visualization, stereopsis, virtual reality},
} 

@inproceedings{li2012,
  author = {Li, Ivan and Peek, Edward M and Wünsche, Burkhard and Lutteroth, Christof},
  title = {Enhancing 3D Applications Using Stereoscopic 3D and Motion Parallax},
  booktitle = {Proceedings of the Thirteenth Australasian User Interface Conference (AUIC)},
  year = {2012},
  pages = {59--68}
}

@book{okoshi2012,
  title={Three-dimensional imaging techniques},
  author={Okoshi, Takanori},
  year={2012},
  publisher={Elsevier},
}

@book{schreiner2004,
  added-at = {2006-07-13T17:11:36.000+0200},
  author = {Schreiner, D. and Woo, M. and Neider, J. and Davis, T.},
  biburl = {http://www.bibsonomy.org/bibtex/2dafe0bc8e0dcd253f408f2dd3c50c0a5/hanappe},
  edition = {Fourth},
  interhash = {9c3e7b802667e1c5cbeaff51fcf239c0},
  intrahash = {dafe0bc8e0dcd253f408f2dd3c50c0a5},
  keywords = {imported},
  publisher = {Addison Wesley},
  timestamp = {2006-07-13T17:11:36.000+0200},
  title = {OpenGL Programming Guide},
  year = {2004},
}

@ARTICLE{Harris2010,
	Author = {Mark Harris},
	Date-Added = {2014-08-21 00:31:03 +0000},
	Date-Modified = {2014-08-21 00:35:35 +0000},
	Journal = {IEEE Spectrum Magazine},
	Pages = {102},
	Title = {3-D Without Four Eyes},
	Volume = {December},
	Year = {2010},
}

@ARTICLE{Slinger2005, 
    author={Slinger, C. and Cameron, C. and Stanley, M.}, 
    journal={Computer}, 
    title={Computer-Generated Holography as a Generic Display Technology}, 
    year={2005}, 
    month={Aug}, 
    volume={38}, 
    number={8}, 
    pages={46-53}, 
%    keywords={computer-generated holography;spatial light modulators;three-dimensional displays;2D displays;3D imaging;autostereoscopic display;computer-generated holography;holographic fringe pattern;optical wavefront;spatial light modulator;stereoscopic displays;volumetric display;Computer displays;Holographic optical components;Holography;Optical attenuators;Optical computing;Optical diffraction;Optical interferometry;Optical modulation;Optical recording;Pixel;3D displays;display technology;holography;volumetric displays}, 
    doi={10.1109/MC.2005.260}, 
    ISSN={0018-9162},
}

@periodical{Konrad2007,
	Author = {Janusz Konrad and Michael Halle},
	Date-Added = {2014-08-21 00:31:03 +0000},
	Date-Modified = {2014-08-21 00:35:35 +0000},
	Journal = {IEEE Spectrum Magazine},
	Pages = {99},
	Title = {3-D Displays and Signal Processing},
	Volume = {November},
	Year = {2007},
	}

@article{Burns2004,
  added-at = {2012-08-10T12:32:28.000+0200},
  address = {Los Alamitos, CA, USA},
  author = {Burns, Don and Osfield, Robert},
  biburl = {http://www.bibsonomy.org/bibtex/20e3a94988688f16c76ba60e9f2eef2e6/beaelp},
  description = {Open Scene Graph A: Introduction, B: Examples and Applications},
  doi = {10.1109/VR.2004.10021},
  interhash = {419df6f40d41bae1ca0fd3ad32083d3d},
  intrahash = {0e3a94988688f16c76ba60e9f2eef2e6},
  issn = {1087-8270},
  journal = {Virtual Reality Conference, IEEE},
  keywords = {simulators},
  pages = {265},
  publisher = {IEEE Computer Society},
  timestamp = {2012-08-10T12:32:28.000+0200},
  title = {Open Scene Graph A: Introduction, B: Examples and Applications},
%  url = {http://www.computer.org/portal/web/csdl/doi/10.1109/VR.2004.10021},
  volume = {0},
  year = {2004},
}

@article{Zhang2012,
    author = {Zhengyou Zhang},
    title = {Microsoft Kinect Sensor and Its Effect},
    journal ={IEEE Multimedia},
    volume = {19},
    number = {2},
    issn = {1070-986X},
    year = {2012},
    pages = {4-10},
    doi = {10.1109/MMUL.2012.24},
    publisher = {IEEE Computer Society},
    address = {Los Alamitos, CA, USA},
}

@conference{Watlington1995,
  added-at = {2010-03-01T21:35:37.000+0100},
  author = {Watlington, John A. and Lucente, Mark E. and Sparrell, Carlton J. and Bove, Jr. V. Michael and Tamitani, Ichiro},
  bdsk-url-1 = {http://link.aip.org/link/?PSI/2406/172/1},
  bdsk-url-2 = {http://dx.doi.org/10.1117/12.206216},
  biburl = {http://www.bibsonomy.org/bibtex/2232dd155410195110ad0ef66a9c2416d/barabas},
  date-added = {2009-12-10 15:55:06 -0500},
  date-modified = {2009-12-10 15:55:06 -0500},
  description = {Bibliography for general exam paper},
  doi = {10.1117/12.206216},
  editor = {Benton, Stephen A.},
  interhash = {b7efac5b444d6895eeab1ea467f5ac43},
  intrahash = {232dd155410195110ad0ef66a9c2416d},
  journal = {Practical Holography IX},
  keywords = {imported},
  location = {San Jose, CA, USA},
  number = 1,
  pages = {172-183},
  publisher = {SPIE},
  timestamp = {2010-03-01T21:35:37.000+0100},
  title = {Hardware architecture for rapid generation of electro-holographic fringe patterns},
  url = {http://link.aip.org/link/?PSI/2406/172/1},
  volume = 2406,
  year = 1995
}

@inproceedings{Lucente1992,
  added-at = {2010-03-01T21:35:37.000+0100},
  author = {Lucente, Mark E.},
  bdsk-url-1 = {http://citeseerx.ist.psu.edu/viewdoc/summary?doi=10.1.1.52.7723},
  biburl = {http://www.bibsonomy.org/bibtex/2d5273e14b90096b2bfdaa71e0ac85874/barabas},
  booktitle = {Practical Holography VI},
  date-added = {2009-10-02 12:20:24 -0400},
  date-modified = {2009-10-02 12:20:24 -0400},
  description = {Bibliography for general exam paper},
  interhash = {76fc57c6ddcd8d09e8c5b7bf770c0771},
  intrahash = {d5273e14b90096b2bfdaa71e0ac85874},
  keywords = {imported},
  pages = {1667--04},
  timestamp = {2010-03-01T21:35:37.000+0100},
  title = {Optimization of Hologram Computation for Real-Time Display},
  year = {1992},
}

@incollection{Lucente2012,
  added-at = {2012-02-08T00:00:00.000+0100},
  author = {Lucente, Mark E.},
  biburl = {http://www.bibsonomy.org/bibtex/2cfe556eab846a268a13298de8a953bef/dblp},
  booktitle = {Handbook of Visual Display Technology},
  crossref = {reference/vdt/2012},
  editor = {Chen, Janglin and Cranton, Wayne and Fihn, Mark},
  ee = {http://dx.doi.org/10.1007/978-3-540-79567-4_119},
  interhash = {356afa0e45a60055b2e61e1f216ac210},
  intrahash = {cfe556eab846a268a13298de8a953bef},
  isbn = {978-3-540-79566-7},
  keywords = {dblp},
  pages = {1963-1978},
  publisher = {Springer},
  timestamp = {2012-02-08T00:00:00.000+0100},
  title = {Electronic Holographic Displays - 20 Years of Interactive Spatial Imaging},
%  url = {http://dblp.uni-trier.de/db/reference/vdt/vdt2012.html#Lucente12},
  year = {2012},
}

@inproceedings{Frohlich2005,
  added-at = {2011-08-10T00:00:00.000+0200},
  author = {Fröhlich, Bernd and Blach, Roland and Stefani, Oliver and Hochstrate, Jan and 0003, Jörg Hoffmann and Klüger, Karsten and Bues, Matthias},
  biburl = {http://www.bibsonomy.org/bibtex/277035bb15a74e7ce14b73602fb191e17/dblp},
  booktitle = {WSCG (Full Papers)},
  interhash = {90ea377b6920263fb6fe1f4e6f242b26},
  intrahash = {77035bb15a74e7ce14b73602fb191e17},
  keywords = {dblp},
  pages = {139-146},
  timestamp = {2011-08-10T00:00:00.000+0200},
  title = {Implementing Multi-Viewer Stereo Displays.},
%  url = {http://dblp.uni-trier.de/db/conf/wscg/wscg2005.html#FrohlichBSHHKB05},
  year = {2005},
}

@misc{schwerdtner2013,
  title={Interface and circuit arrangement, in particular for holographic encoding units or holographic reproduction devices},
  author={Schwerdtner, A. and Schwerdtner, A.},
  url={http://www.google.com/patents/US8368743},
  year={2013},
  month=feb # "~5",
  publisher={Google Patents},
  note={US Patent 8,368,743}
}

@book{Whitrow2008,
  added-at = {2011-02-11T00:00:00.000+0100},
  author = {Whitrow, Robert},
  biburl = {http://www.bibsonomy.org/bibtex/27d4982428de5ebfb8458f730a890cb2b/dblp},
  ee = {http://dx.doi.org/10.1007/978-1-84800-023-0},
  interhash = {3d201fb7a231c01d8cb12c06958bb55a},
  intrahash = {7d4982428de5ebfb8458f730a890cb2b},
  isbn = {978-1-8480-0022-3},
  keywords = {dblp},
  pages = {I-XV, 1-330},
  publisher = {Springer},
  timestamp = {2011-02-11T00:00:00.000+0100},
  title = {OpenGL graphics through applications.},
  year = {2008},
}

@inproceedings{Lucente1995,
  added-at = {2010-03-01T21:35:37.000+0100},
  address = {New York, NY, USA},
  author = {Lucente, Mark E. and Galyean, Tinsley A.},
  bdsk-url-1 = {http://doi.acm.org/10.1145/218380.218490},
  biburl = {http://www.bibsonomy.org/bibtex/2b0a0b696234758fa5cf57e90cb86b914/barabas},
  booktitle = {SIGGRAPH '95: Proceedings of the 22nd annual conference on Computer graphics and interactive techniques},
  date-added = {2009-10-29 22:43:47 -0400},
  date-modified = {2009-10-29 22:43:47 -0400},
  description = {Bibliography for general exam paper},
  doi = {http://doi.acm.org/10.1145/218380.218490},
  interhash = {b3672a43ec9f51a0ed1b829d3e7414c1},
  intrahash = {b0a0b696234758fa5cf57e90cb86b914},
  isbn = {0-89791-701-4},
  keywords = {imported},
  pages = {387--394},
  publisher = {ACM},
  timestamp = {2010-03-01T21:35:37.000+0100},
  title = {Rendering interactive holographic images},
  year = {1995},
}